<?xml version="1.0" encoding="UTF-8"?><collection xmlns="http://www.loc.gov/MARC21/slim"><record><leader>00380nam--2200133-i-4500</leader><controlfield tag="001">000029517</controlfield><controlfield tag="002">20161230</controlfield><controlfield tag="005">20161230201037</controlfield><controlfield tag="008">060222s1000------------r-----000-0-eng-d</controlfield><datafield ind1=" " ind2=" " tag="080"><subfield code="a">530.145</subfield></datafield><datafield ind1=" " ind2=" " tag="100"><subfield code="a">Loskutow, J.M., Ternow, I.M., Sokolow, A.A</subfield></datafield><datafield ind1=" " ind2=" " tag="245"><subfield code="a">Quantenmechanik. mit 123 abbildungen und 12 tabellen</subfield></datafield><datafield ind1=" " ind2=" " tag="260"><subfield code="a">Berlin, Akademie-verlag, 1964, Xi + 583p</subfield></datafield><datafield ind1=" " ind2=" " tag="852"><subfield code="a">75838</subfield></datafield></record></collection>